@article{Da2014,
  author = {达朝究 and 穆帅 and 马德山 and 于海鹏 and 侯威 and 龚志强},
  title = {基于Lorenz系统的数值天气转折期预报理论探索},
  journal = {物理学报},
  year = {2014},
  volume = {63},
  number = {2},
  pages = {029201},
  doi = {10.7498/aps.63.029201}
}
